% Encoding: UTF-8

@Misc{Android:Komponenten,
  title     = {Android Komponenten},
  timestamp = {2016-12-01},
  url       = {https://material.google.com/components/bottom-navigation.html},
}

@Misc{Java:Komponenten,
  title     = {Java GUI Komponenten},
  timestamp = {2016-12-01},
  url       = {https://docs.oracle.com/javase/tutorial/uiswing/components/componentlist.html},
}

@book{Mayhew:UEL,
 author = {Mayhew, Deborah J.},
 title = {The Usability Engineering Lifecycle},
 booktitle = {CHI '99 Extended Abstracts on Human Factors in Computing Systems},
 series = {CHI EA '99},
 year = {1999},
 isbn = {1-58113-158-5},
 location = {Pittsburgh, Pennsylvania},
 publisher = {ACM},
 address = {New York, NY, USA},
} 

@Comment{jabref-meta: databaseType:bibtex;}
