%% LaTeX2e file `literatur.bib'
%% generated by the `filecontents' environment
%% from source `Konzept' on 2016/11/06.
%%
@misc{aqtec,
    author = "{Peter Ehrenfried}",
    publisher = "Peter Ehrenfried",
    title = "AQ-Technik",
    day = "6",
    month = "November",
    year = "2016",
    url = "http://web31722.greatnet-hosting.de/4aq-technik/home/impressum.php",
    }
